@online{udc_wiki,
	title = "Universal Decimal Classification",
	url = {https://en.wikipedia.org/wiki/Universal_Decimal_Classification},
	note = "Звертання \today"
}

@online{multiclass_classification_wiki,
	title = "Multiclass Classification",
	url = {https://en.wikipedia.org/wiki/Multiclass_classification},
	note = "Звертання \today"
}

@online{statistical_classification_wiki,
	title = "Statistical Classification",
	url = {https://en.wikipedia.org/wiki/Statistical_classification},
	note = "Звертання \today"
}

@online{machine_learning_wiki,
	title = "Machine Learning",
	url = {https://en.wikipedia.org/wiki/Machine_learning},
	note = "Звертання \today"
}

@online{udc_summary,
	title = "Universal Decimal Classification summary",
	url = {https://udcsummary.info/php/index.php},
	note = "Звертання \today"
}

@online{udc_summary_linked,
	title = "Universal Decimal Classification Summary Linked Data",
	url = {https://udcdata.info/},
	note = "Звертання \today"
}

@online{keyword_extraction_wiki,
	title = "Keyword extraction",
	url = {https://en.wikipedia.org/wiki/Keyword_extraction},
	note = "Звертання \today"
}

@online{DI_wiki,
	title = "Dependency inversion principle",
	url = {https://en.wikipedia.org/wiki/Dependency_inversion_principle},
	note = "Звертання \today"
}

@online{SOLID_wiki,
	title = "SOLID",
	url = {https://en.wikipedia.org/wiki/SOLID},
	note = "Звертання \today"
}

@online{Polymorphism_wiki,
	title = "Polymorphism (computer science)",
	url = {https://en.wikipedia.org/wiki/Polymorphism_(computer_science)},
	note = "Звертання \today"
}

@online{Subtyping_wiki,
	title = "Subtyping",
	url = {https://en.wikipedia.org/wiki/Subtyping},
	note = "Звертання \today"
}

@online{Dynamic_dispatch_wiki,
	title = "Dynamic dispatch",
	url = {https://en.wikipedia.org/wiki/Dynamic_dispatch},
	note = "Звертання \today"
}

@online{ADT_wiki,
	title = "Algebraic data type",
	url = {https://en.wikipedia.org/wiki/Algebraic_data_type},
	note = "Звертання \today"
}

@book{Code_complete_34_4,
	author = "Steve McConnel",
  title = "Code Complete",
	chapter = {34.4 Program into Your Language, Not in It},
	edition = "2nd ed.",
	year = "2004",
	pages = "843",
	isbn = "978-0-7356-1967-8"
}

@online{ADT_composition_over_inheritance,
	title = "Composition over inheritance: road to algebraic data types",
	url = {https://developers.mews.com/composition-over-inheritance/},
	note = "Звертання \today"
}

@online{SRP_wiki,
	title = "Single-responsibility principle",
	url = {https://en.wikipedia.org/wiki/Single-responsibility_principle},
	note = "Звертання \today"
}

@article{kragelj_automatic_udc_classification,
  author = {Kragelj, Matjaž and Kljajić Borštnar, Mirjana},
  title = {Automatic classification of
		older electronic texts into the Universal Decimal Classification--UDC},
  journal = {Journal of Documentation},
  volume = {77},
  number = {3},
  year = {2021},
  pages = {755--776},
  publisher = {Emerald Publishing Limited},
  issn = {0022-0418},
  doi = {10.1108/JD-06-2020-0092},
	url =
	{https://www.emerald.com/insight/content/doi/10.1108/JD-06-2020-0092/full/html}
}

@inproceedings{almukhametov_udc_code_for_math_articles,
  title={Service for assigning a UDC code
	  to mathematical articles based on semantic technologies},
  author={Almukhametov, Damir Albertovich and Nevzorova, Olga Avenirovna},
  booktitle=
	  {Proceedings of the 24th Scientific Conference “Scientific Services
		\& Internet – 2022”},
  year={2022},
  month={January},
  doi={10.20948/abrau-2022-28},
	url=
	  {https://www.researchgate.net/publication/365667926_Service_for_assigning_a_UDC_code_to_mathematical_articles_based_on_semantic_technologies}
}

@article{borovic_hybrid_udc_recommendation,
	title=
	  {A Hybrid Approach to Recommending
		Universal Decimal Classification Codes for Cataloguing
		in Slovenian Digital Libraries},
  author={Borovič, Mladen and Ojstersek, Milan and Strnad, Damjan},
  journal={IEEE Access},
  year={2022},
  month={August},
  doi={10.1109/ACCESS.2022.3198706},
  license={CC BY 4.0},
	url={https://www.researchgate.net/publication/362704649_A_hybrid_approach_to_recommending_Universal_Decimal_Classification_codes_for_cataloguing_in_Slovenian_digital_libraries}
}

@article{roy_ann_approach,
  title=
	  {Automated Subject Identification
		using the Universal Decimal Classification: The ANN Approach},
  author={Roy, Aditi and Ghosh, Saptarshi},
  journal={SRELS Journal of Information Management},
  year={2023},
  month={May},
  doi={10.17821/srels/2023/v60i2/170963},
  license={CC BY-NC-ND 4.0},
	url=
	  {https://www.researchgate.net/publication/370786883_Automated_Subject_Identification_using_the_Universal_Decimal_Classification_The_ANN_Approach}
}

@article{tretyakov_porter,
  title={Porter advanced method for the Universal Decimal Classification},
  author={Tretyakov, Fiodor and Serebryanaya, Liya},
  journal={Central European Researchers Journal},
  volume={2},
  number={1},
  url={https://www.google.com/url?sa=t&rct=j&q=&esrc=s&source=web&cd=&ved=2ahUKEwiy47m_9IP_AhVmlYsKHXukD40QFnoECA0QAQ&url=https%3A%2F%2Fceres-journal.eu%2Fdownload.php%3Ffile%3D2016_01_04.pdf&usg=AOvVaw0BnWLUqo-UGqhJ6_IC_xjl}
}

@online{python3_tuples_and_sequences,
	title = "Tuples and Sequences",
	url =
	  {https://docs.python.org/3/tutorial/datastructures.html\#tuples-and-sequences},
	note = "Звертання \today"
}

@online{wiki_raii,
	title = "Resource acquisition is initialization",
	url = {https://en.wikipedia.org/wiki/Resource_acquisition_is_initialization},
	note = "Звертання \today"
}

@online{dart_lang,
  title = "Dart programming language",
	url = {https://dart.dev/},
	note = "Звертання \today"
}

@online{pyinstaller,
	title = "PyInstaller",
	url = {https://pyinstaller.org},
	note = "Звертання \today"
}

@online{nuitka,
	title = "Nuitka",
	url = {https://nuitka.net/},
	note = "Звертання \today"
}

@online{py2exe,
	title = "py2exe",
	url = {http://www.py2exe.org/},
	note = "Звертання \today"
}

@online{cython,
	title = "Cython",
	url = {https://cython.org},
	note = "Звертання \today"
}

@online{github_cpython_freeze,
	title = "cpython/Tools/freeze",
	url = {https://github.com/python/cpython/tree/main/Tools/freeze},
	note = "Звертання \today"
}

@online{docker,
	title = "Docker",
	url = {https://www.docker.com/},
	note = "Звертання \today"
}

@online{wiki_cloud_computing,
	title = "Cloud computing",
	url = {https://en.wikipedia.org/wiki/Cloud_computing},
	note = "Звертання \today"
}

@book{Code_complete_5_3,
	author = "Steve McConnel",
  title = "Code Complete",
	chapter = {5.3 Design Building Blocks: Heuristics},
	edition = "2nd ed.",
	year = "2004",
	pages = "107",
	isbn = "978-0-7356-1967-8"
}

@online{rake_nltk,
	title = "rake-nltk",
	url = {https://csurfer.github.io/rake-nltk/_build/html/index.html},
	note = "Звертання \today"
}

@online{pypi_yake,
	title = "yake",
	url = {https://pypi.org/project/yake/},
	note = "Звертання \today"
}

@online{spaCy,
	title = "spaCy",
	url = {https://spacy.io/},
	note = "Звертання \today"
}

@online{nltk,
	title = "Natural Language Toolkit",
	url = {https://www.nltk.org/},
	note = "Звертання \today"
}

@online{TextBlob,
	title = "TextBlob: Simplified Text Processing",
	url = {https://textblob.readthedocs.io/en/dev/},
	note = "Звертання \today"
}

@online{gensim,
	title = "Gensim: Topic modelling for humans",
	url = {https://radimrehurek.com/gensim/},
	note = "Звертання \today"
}

@online{wiki_ner,
	title = "Named-entity recognition",
	url = {https://en.wikipedia.org/wiki/Named-entity_recognition},
	note = "Звертання \today"
}

@online{wiki_pos_tagging,
	title = "Part-of-speech tagging",
	url = {https://en.wikipedia.org/wiki/Part-of-speech_tagging},
	note = "Звертання \today"
}

@online{wiki_stop_word,
	title = "Stop word",
	url = {https://en.wikipedia.org/wiki/Stop_word},
	note = "Звертання \today"
}

@online{udc_structure_and_tables,
	title = "UDC Structure \& Tables",
	url = {https://udcc.org/index.php/site/page?view=about_structure},
	note = "Звертання \today"
}

@online{wiki_nlp,
	title = "Natural language processing",
	url = {https://en.wikipedia.org/wiki/Natural_language_processing},
	note = "Звертання \today"
}

@online{docker_windows,
	title = "Docker Windows Image",
	url = {https://hub.docker.com/_/microsoft-windows},
	note = "Звертання \today"
}

@online{docker_windows_base,
	title = "Docker Windows base OS images",
	url = {https://hub.docker.com/_/microsoft-windows-base-os-images},
	note = "Звертання \today"
}

@online{docker_osx,
	title = "Docker-OSX",
  url = {https://github.com/sickcodes/Docker-OSX},
	note = "Звертання \today"
}

@online{wiki_serialization,
	title = "Serialization",
  url = {https://en.wikipedia.org/wiki/Serialization},
	note = "Звертання \today"
}

@online{wiki_serialization_comparison,
	title = "Comparison of data-serialization formats",
  url =
	  {https://en.wikipedia.org/wiki/Comparison_of_data-serialization_formats},
	note = "Звертання \today"
}

@online{mbedded_ninja_serialization_comparison,
	title = "A Comparison Of Serialization Formats",
  url =
	  {https://blog.mbedded.ninja/programming/serialization-formats/a-comparison-of-serialization-formats/},
	note = "Звертання \today"
}

@online{mbedded_ninja,
	title = "mbedded.ninja",
	url = {https://blog.mbedded.ninja/},
	note = "Звертання \today"
}

@online{wiki_csv,
	title = "Comma-separated values",
	url = {https://en.wikipedia.org/wiki/Comma-separated_values},
	note = "Звертання \today"
}

@online{wiki_protobuf,
	title = "Protocol Buffers",
	url = {https://en.wikipedia.org/wiki/Protocol_Buffers},
	note = "Звертання \today"
}

@online{wiki_json,
	title = "JSON",
	url = {https://en.wikipedia.org/wiki/JSON},
	note = "Звертання \today"
}

@online{wiki_xml,
	title = "XML",
	url = {https://en.wikipedia.org/wiki/XML},
	note = "Звертання \today"
}

@online{wiki_toml,
	title = "TOML",
	url = {https://en.wikipedia.org/wiki/TOML},
	note = "Звертання \today"
}

@online{wiki_yaml,
	title = "YAML",
	url = {https://en.wikipedia.org/wiki/YAML},
	note = "Звертання \today"
}

@online{wiki_interop,
	title = "Interoperability",
	url = {https://en.wikipedia.org/wiki/Interoperability},
	note = "Звертання \today"
}

@book{Code_complete_5_2,
	author = "Steve McConnel",
  title = "Code Complete",
	chapter = {5.2 Key Design Concepts},
	edition = "2nd ed.",
	year = "2004",
	pages = "78",
	isbn = "978-0-7356-1967-8"
}

@online{github_xmltodict,
	title = "xmltodict",
	url = {https://github.com/martinblech/xmltodict},
	note = "Звертання \today"
}

@online{github_json2toml,
	title = "json2toml",
	url = {https://github.com/KenanY/json2toml},
	note = "Звертання \today"
}

@online{github_x2js,
	title = "x2js",
	url = {https://github.com/abdolence/x2js},
	note = "Звертання \today"
}

@online{wiki_sampling,
	title = "Sampling (statistics)",
	url = {https://en.wikipedia.org/wiki/Sampling_(statistics)},
	note = "Звертання \today"
}

@online{wiki_sampling_methods,
	title = "Sampling methods",
	url =
	  {https://en.wikipedia.org/wiki/Sampling_(statistics)\#Sampling_methods},
	note = "Звертання \today"
}

@online{wiki_weight_function,
	title = "Weight function",
	url = {https://en.wikipedia.org/wiki/Weight_function},
	note = "Звертання \today"
}

@online{wiki_algorithm,
	title = "Algorithm",
	url = {https://en.wikipedia.org/wiki/Algorithm},
	note = "Звертання \today"
}

@online{wiki_abstraction,
	title = "Abstraction (computer science)",
	url = {https://en.wikipedia.org/wiki/Abstraction_(computer_science)},
	note = "Звертання \today"
}

@online{wiki_abstraction_layer,
	title = "Abstraction layer",
	url = {https://en.wikipedia.org/wiki/Abstraction_layer},
	note = "Звертання \today"
}

@online{spacy_models,
	title = "Trained Models \& Pipelines",
	url = {https://spacy.io/models},
	note = "Звертання \today"
}

@online{spacy_tagger,
	title = "Tagger",
	url = {https://spacy.io/api/tagger},
	note = "Звертання \today"
}

@online{spacy_lemmatizer,
	title = "Lemmatizer",
	url = {https://spacy.io/api/lemmatizer},
	note = "Звертання \today"
}

@online{wiki_lemmatization,
	title = "Lemmatisation",
	url = {https://en.wikipedia.org/wiki/Lemmatisation},
	note = "Звертання \today"
}

@online{wiki_lemma,
	title = "Lemma (morphology)",
	url = {https://en.wikipedia.org/wiki/Lemma_(morphology)},
	note = "Звертання \today"
}

@online{spacy_dependency_parser,
	title = "DependencyParser",
	url = {https://spacy.io/api/dependencyparser},
	note = "Звертання \today"
}

@online{spacy_pipelines,
	title = "Language Processing Pipelines",
	url = {https://spacy.io/usage/processing-pipelines/},
	note = "Звертання \today"
}

@online{spacy_er,
	title = "EntityRecognizer",
	url = {https://spacy.io/api/entityrecognizer},
	note = "Звертання \today"
}

@online{wiki_tokenizer,
	title = "Tokenization",
	url = {https://en.wikipedia.org/wiki/Lexical_analysis\#Tokenization},
	note = "Звертання \today"
}

@online{spacy_tokenizer,
	title = "Tokenizer",
	url = {https://spacy.io/api/tokenizer},
	note = "Звертання \today"
}

@online{spacy_noun_chunks,
	title = "Doc.noun\_chunks",
	url = {https://spacy.io/api/doc\#noun_chunks},
	note = "Звертання \today"
}

@online{wiki_noun_phrase,
	title = "Noun phrase",
	url = {https://en.wikipedia.org/wiki/Noun_phrase},
	note = "Звертання \today"
}

@online{wiki_noun_chunks_impl,
	title = "spaCy/spacy/lang/en/syntax\_iterators.py",
	url =
	  {https://github.com/explosion/spaCy/blob/master/spacy/lang/en/syntax_iterators.py},
	note = "Звертання \today"
}

@online{wiki_conjunction,
	title = "Conjunction (grammar)",
	url = {https://en.wikipedia.org/wiki/Conjunction_(grammar)},
	note = "Звертання \today"
}

@online{wiki_predicate_grammar,
	title = "Predicate (grammar)",
	url = {https://en.wikipedia.org/wiki/Predicate_(grammar)},
	note = "Звертання \today"
}

@online{nsubj_dep,
	title = "nsubj",
	url = {https://universaldependencies.org/u/dep/nsubj.html},
	note = "Звертання \today"
}

@online{wiki_dobj,
	title = "direct object",
	url = {https://en.wiktionary.org/wiki/direct_object},
	note = "Звертання \today"
}

@online{nsubj_pass_dep,
	title = "nsubj:pass",
	url =
	  {https://universaldependencies.org/u/dep/nsubj-pass.html},
	note = "Звертання \today"
}

@online{wiki_prepositional_phrases,
	title = "Prepositional phrases",
	url =
	  {https://en.wikipedia.org/wiki/Adpositional_phrase\#Prepositional_phrases},
	note = "Звертання \today"
}

@online{wiki_dative,
	title = "Dative case",
	url = {https://en.wikipedia.org/wiki/Dative_case},
	note = "Звертання \today"
}

@online{appos_dep,
	title = "appos",
	url = {https://universaldependencies.org/u/dep/appos.html},
	note = "Звертання \today"
}

@online{wiki_grammatical_modifier,
	title = "Grammatical modifier",
	url = {https://en.wikipedia.org/wiki/Grammatical_modifier},
	note = "Звертання \today"
}

@online{root_dep,
	title = "root",
	url = {https://universaldependencies.org/u/dep/root.html},
	note = "Звертання \today"
}

@online{conj_dep,
	title = "conj",
	url = {https://universaldependencies.org/u/dep/conj.html},
	note = "Звертання \today"
}

@online{spacy_label_scheme,
	title = "en\_core\_web\_lg Label Scheme",
	url = {https://spacy.io/models/en\#en_core_web_lg-labels},
	note = "Звертання \today"
}

@online{tiobe_index,
	title = "TIOBE Index",
	url = {https://www.tiobe.com/tiobe-index/},
	note = "Звертання \today"
}

@online{pypl,
	title = "PYPL PopularitY of Programming Language",
	url = {https://pypl.github.io/PYPL.html},
	note = "Звертання \today"
}

@online{github_octoverse2022,
	title = "The top programming languages",
	url = {https://octoverse.github.com/2022/top-programming-languages},
	note = "Звертання \today"
}

@online{languish,
	title = "Languish - Programming Language Trends",
	url = {https://tjpalmer.github.io/languish/},
	note = "Звертання \today"
}

@online{wiki_white_box,
	title = "White-box testing",
	url = {https://en.wikipedia.org/wiki/White-box_testing},
	note = "Звертання \today"
}

@online{wiki_ecp,
	title = "Equivalence partitioning",
	url = {https://en.wikipedia.org/wiki/Equivalence_partitioning},
	note = "Звертання \today"
}

@online{wiki_jaccard_index,
	title = "Jaccard index",
	url = {https://en.wikipedia.org/wiki/Jaccard_index},
	note = "Звертання \today"
}

@online{wiki_intersection,
	title = "Intersection (set theory)",
	url = {https://en.wikipedia.org/wiki/Intersection_(set_theory)},
	note = "Звертання \today"
}

@online{wiki_union,
	title = "Union (set theory)",
	url = {https://en.wikipedia.org/wiki/Union_(set_theory)},
	note = "Звертання \today"
}
